<record><leader>00000cas a22000007a 4500</leader><controlfield tag="001">23226554</controlfield><controlfield tag="008">910311d19651966njuwr ne      0    0eng d</controlfield><datafield ind1=" " ind2=" " tag="010"><subfield code="a">sn 91064002 </subfield></datafield><datafield ind1=" " ind2=" " tag="040"><subfield code="a">NJW</subfield><subfield code="b">eng</subfield><subfield code="c">NJW</subfield><subfield code="d">OCLCQ</subfield><subfield code="d">YUS</subfield></datafield><datafield ind1="0" ind2=" " tag="130"><subfield code="a">Advance (Newark, N.J.)</subfield></datafield><datafield ind1="1" ind2="0" tag="245"><subfield code="a">Advance.</subfield></datafield><datafield ind1=" " ind2=" " tag="260"><subfield code="a">Newark, N.J. :</subfield><subfield code="b">Newark Advance Pub. Co.</subfield></datafield><datafield ind1=" " ind2=" " tag="300"><subfield code="a">v.</subfield></datafield><datafield ind1=" " ind2=" " tag="310"><subfield code="a">Weekly</subfield></datafield><datafield ind1="1" ind2=" " tag="362"><subfield code="a">Began in 1965; ceased in 1966.</subfield></datafield><datafield ind1=" " ind2=" " tag="588"><subfield code="a">Description based on: Vol. 1, no. 17 (Jan. 13, 1966).</subfield></datafield><datafield ind1=" " ind2="0" tag="650"><subfield code="a">African Americans</subfield><subfield code="v">Periodicals.</subfield></datafield><datafield ind1=" " ind2=" " tag="752"><subfield code="a">United States</subfield><subfield code="b">New Jersey</subfield><subfield code="c">Essex</subfield><subfield code="d">Newark.</subfield></datafield><datafield ind1="0" ind2="7" tag="785"><subfield code="t">New Jersey herald news (Newark, N.J.)</subfield><subfield code="w">(DLC)sn 84025698</subfield></datafield><datafield ind1="0" ind2="7" tag="785"><subfield code="t">Herald-advance (Newark, N.J.)</subfield><subfield code="w">(DLC)sn 85035693</subfield></datafield></record>